<record><leader>00000cas a2200000 a 4500</leader><controlfield tag="001">31007157</controlfield><controlfield tag="008">940825d19601973iluwr ne      0   a0eng c</controlfield><datafield ind1=" " ind2=" " tag="010"><subfield code="a">sn 94054572 </subfield></datafield><datafield ind1=" " ind2=" " tag="040"><subfield code="a">NVF</subfield><subfield code="b">eng</subfield><subfield code="c">NVF</subfield><subfield code="d">CVF</subfield><subfield code="d">NVF</subfield><subfield code="d">OCLCQ</subfield><subfield code="d">OCLCF</subfield><subfield code="d">NVF</subfield><subfield code="d">OCLCO</subfield></datafield><datafield ind1="1" ind2=" " tag="029"><subfield code="a">AU@</subfield><subfield code="b">000011230113</subfield></datafield><datafield ind1=" " ind2=" " tag="042"><subfield code="a">pcc</subfield></datafield><datafield ind1=" " ind2=" " tag="043"><subfield code="a">n-us-il</subfield></datafield><datafield ind1="0" ind2="0" tag="245"><subfield code="a">Lake Bluff review.</subfield></datafield><datafield ind1=" " ind2=" " tag="260"><subfield code="a">Lake Bluff, Ill. :</subfield><subfield code="b">Lake Forest Co.,</subfield><subfield code="c">1960-1973.</subfield></datafield><datafield ind1="3" ind2=" " tag="260"><subfield code="3">&lt;Nov. 3, 1969&gt;-</subfield><subfield code="a">Lake Bluff, Ill. :</subfield><subfield code="a">Pioneer Press</subfield></datafield><datafield ind1=" " ind2=" " tag="300"><subfield code="a">v.</subfield></datafield><datafield ind1=" " ind2=" " tag="310"><subfield code="a">Weekly,</subfield><subfield code="b">&lt;Mar. 4, 1971&gt;-June 28, 1973</subfield></datafield><datafield ind1=" " ind2=" " tag="321"><subfield code="a">Weekly,</subfield><subfield code="b">May 26, 1960-&lt;&gt;</subfield></datafield><datafield ind1=" " ind2=" " tag="321"><subfield code="a">Semiweekly,</subfield><subfield code="b">&lt;Nov. 3, 1969&gt;-&lt;&gt;</subfield></datafield><datafield ind1="0" ind2=" " tag="362"><subfield code="a">Vol. 1, no. 1 (May 26, 1960)-v. 78, no. 7 (June 28, 1973).</subfield></datafield><datafield ind1=" " ind2="0" tag="651"><subfield code="a">Lake Bluff (Ill.)</subfield><subfield code="v">Newspapers.</subfield></datafield><datafield ind1=" " ind2="7" tag="651"><subfield code="a">Illinois</subfield><subfield code="z">Lake Bluff.</subfield><subfield code="2">fast</subfield><subfield code="0">(OCoLC)fst01215274</subfield></datafield><datafield ind1=" " ind2="7" tag="655"><subfield code="a">Newspapers.</subfield><subfield code="2">fast</subfield><subfield code="0">(OCoLC)fst01423814</subfield></datafield><datafield ind1=" " ind2=" " tag="752"><subfield code="a">United States</subfield><subfield code="b">Illinois</subfield><subfield code="c">Lake</subfield><subfield code="d">Lake Bluff.</subfield></datafield><datafield ind1="0" ind2="5" tag="780"><subfield code="t">Lake Bluff lamplighter</subfield><subfield code="w">(DLC)sn2001061219</subfield><subfield code="w">(OCoLC)46803416</subfield></datafield><datafield ind1="0" ind2="4" tag="785"><subfield code="t">Lake Forester (Lake Forest, Ill. : 1969)</subfield><subfield code="w">(DLC)sn 94054449</subfield><subfield code="w">(OCoLC)30949361</subfield></datafield></record>